
[1] Carlos Lombardi, Nicolás Passerini, Leonardo Cesario. Instances and Classes in the Introduction of Object Oriented Programming

[2] Phil Ventura, Bina Ramamurthy. Wanted: CS1 Students. No Experience Required
@inproceedings{Vent04,
 author = {Ventura, Phil and Ramamurthy, Bina},
 title = {Wanted: CS1 students. no experience required},
 booktitle = {Proceedings of the 35th SIGCSE technical symposium on Computer science education},
 series = {SIGCSE '04},
 year = {2004},
 isbn = {1-58113-798-2},
 location = {Norfolk, Virginia, USA},
 pages = {240--244},
 numpages = {5},
 url = {http://doi.acm.org/10.1145/971300.971387},
 doi = {http://doi.acm.org/10.1145/971300.971387},
 acmid = {971387},
 publisher = {ACM},
 address = {New York, NY, USA},
 keywords = {CS1, curriculum, object oriented-design, object-oriented programming, objects-first, predictors of success, prior programming experience},
} 

[3] Ian Utting, Stephen Cooper, Michael Kölling, John Maloney and Mitchel Resnick. Alice, Greenfoot, and Scratch – A Discussion
@article{Utti2010,
 author = {Utting, Ian and Cooper, Stephen and K\"{o}lling, Michael and Maloney, John and Resnick, Mitchel},
 title = {Alice, Greenfoot, and Scratch -- A Discussion},
 journal = {Trans. Comput. Educ.},
 issue_date = {November 2010},
 volume = {10},
 issue = {4},
 month = {November},
 year = {2010},
 issn = {1946-6226},
 pages = {17:1--17:11},
 articleno = {17},
 numpages = {11},
 url = {http://doi.acm.org/10.1145/1868358.1868364},
 doi = {http://doi.acm.org/10.1145/1868358.1868364},
 acmid = {1868364},
 publisher = {ACM},
 address = {New York, NY, USA},
 keywords = {Alice, Greenfoot, Scratch, programming environment, programming language, visual programming language},
}

[4] David Ungar, Randall B. Smith. Self
@inproceedings{Ungar2007,
 author = {Ungar, David and Smith, Randall B.},
 title = {Self},
 booktitle = {Proceedings of the third ACM SIGPLAN conference on History of programming languages},
 series = {HOPL III},
 year = {2007},
 isbn = {978-1-59593-766-7},
 location = {San Diego, California},
 pages = {9-1--9-50},
 url = {http://doi.acm.org/10.1145/1238844.1238853},
 doi = {http://doi.acm.org/10.1145/1238844.1238853},
 acmid = {1238853},
 publisher = {ACM},
 address = {New York, NY, USA},
 keywords = {Self, adaptive optimization, cartoon animation, dynamic language, dynamic optimization, exploratory programming, history of programming languages, morphic, object-oriented language, programming environment, prototype-based programming language, virtual machine},
}

[5] Linda Wilkens. Objects with protoype-based mechanisms
@article{Wilkens02,
 author = {Wilkens, Linda},
 title = {Objects with prototype-based mechanisms},
 journal = {J. Comput. Small Coll.},
 issue_date = {February 2002},
 volume = {17},
 issue = {3},
 month = {February},
 year = {2002},
 issn = {1937-4771},
 pages = {131--140},
 numpages = {10},
 url = {http://portal.acm.org/citation.cfm?id=772636.772659},
 acmid = {772659},
 publisher = {Consortium for Computing Sciences in Colleges},
 address = {USA},
}

[6] Neomi Liberman, Catriel Beeri and Yifat Ben-David Kolikant. Difficulties in Learning Inheritance and Polymorphism
@article{Liberman:2011:DLI:1921607.1921611,
 author = {Liberman, Neomi and Beeri, Catriel and Ben-David Kolikant, Yifat},
 title = {Difficulties in Learning Inheritance and Polymorphism},
 journal = {Trans. Comput. Educ.},
 issue_date = {February 2011},
 volume = {11},
 issue = {1},
 month = {February},
 year = {2011},
 issn = {1946-6226},
 pages = {4:1--4:23},
 articleno = {4},
 numpages = {23},
 url = {http://doi.acm.org/1921607.1921611},
 doi = {http://doi.acm.org/1921607.1921611},
 acmid = {1921611},
 publisher = {ACM},
 address = {New York, NY, USA},
 keywords = {Programming model, analogies, in-service teachers, misconceptions},
} 

[7] Matthew Hertz, Emery D. Berger. Quantifying the Performance of Garbage Collection vs. Explicit Memory Management
[8] Jens Bennedsen and Carsten Schulte. BlueJ Visual Debugger for Learning the Execution of Object-Oriented Programs?
[10] Ole Lehrmann Madsen. Strategic Research Directions in Object-Oriented Programming
[11] George R S Weir (Moderator), Tamar Vilner, António José Mendes, Marie Nordström. Difficulties Teaching Java in CS1 and How We Aim to Solve Them
[12] Isabel Michiels, Alejandro Fernández, Jürgen Börstler, and Maximo Prieto. Tools and Environments for Understanding Object-Oriented Concepts
[13] Svetlana Kouznetsova. Using BlueJ and Blackjack to teach object-oriented design concepts in CS1
[14] Vijayakumar Shanmugasundaram, Paul Juell, Curt Hill. Knowledge Building Using Visualizations
[15] Vladimir Shcherbina, Pnina Vortman, Gabi Zodik. A visual object-oriented development environment (VOODE)