
[1] Carlos Lombardi, Nicolás Passerini, Leonardo Cesario. Instances and Classes in the Introduction of Object Oriented Programming
@Article{Lomb07,
 author = {Lombardi, Carlos and Passerini, Nicol\'as and Cesario, Leonardo},
 title = {Instances and Classes in the Introduction of Object Oriented Programming},
 journal = {Smalltalks 2007 - Primera Conferencia Argentina de Smalltalk},
 year = {2007},
}


[2] Phil Ventura, Bina Ramamurthy. Wanted: CS1 Students. No Experience Required
@inproceedings{Vent04,
 author = {Ventura, Phil and Ramamurthy, Bina},
 title = {Wanted: CS1 students. no experience required},
 booktitle = {Proceedings of the 35th SIGCSE technical symposium on Computer science education},
 series = {SIGCSE '04},
 year = {2004},
 isbn = {1-58113-798-2},
 location = {Norfolk, Virginia, USA},
 pages = {240--244},
 numpages = {5},
 url = {http://doi.acm.org/10.1145/971300.971387},
 doi = {http://doi.acm.org/10.1145/971300.971387},
 acmid = {971387},
 publisher = {ACM},
 address = {New York, NY, USA},
 keywords = {CS1, curriculum, object oriented-design, object-oriented programming, objects-first, predictors of success, prior programming experience},
} 

[3] Ian Utting, Stephen Cooper, Michael Kölling, John Maloney and Mitchel Resnick. Alice, Greenfoot, and Scratch – A Discussion
@article{Utti10,
 author = {Utting, Ian and Cooper, Stephen and K\"{o}lling, Michael and Maloney, John and Resnick, Mitchel},
 title = {Alice, Greenfoot, and Scratch -- A Discussion},
 journal = {Trans. Comput. Educ.},
 issue_date = {November 2010},
 volume = {10},
 issue = {4},
 month = {November},
 year = {2010},
 issn = {1946-6226},
 pages = {17:1--17:11},
 articleno = {17},
 numpages = {11},
 url = {http://doi.acm.org/10.1145/1868358.1868364},
 doi = {http://doi.acm.org/10.1145/1868358.1868364},
 acmid = {1868364},
 publisher = {ACM},
 address = {New York, NY, USA},
 keywords = {Alice, Greenfoot, Scratch, programming environment, programming language, visual programming language},
}

[4] David Ungar, Randall B. Smith. Self
@inproceedings{Unga07,
 author = {Ungar, David and Smith, Randall B.},
 title = {Self},
 booktitle = {Proceedings of the third ACM SIGPLAN conference on History of programming languages},
 series = {HOPL III},
 year = {2007},
 isbn = {978-1-59593-766-7},
 location = {San Diego, California},
 pages = {9-1--9-50},
 url = {http://doi.acm.org/10.1145/1238844.1238853},
 doi = {http://doi.acm.org/10.1145/1238844.1238853},
 acmid = {1238853},
 publisher = {ACM},
 address = {New York, NY, USA},
 keywords = {Self, adaptive optimization, cartoon animation, dynamic language, dynamic optimization, exploratory programming, history of programming languages, morphic, object-oriented language, programming environment, prototype-based programming language, virtual machine},
}

[5] Linda Wilkens. Objects with protoype-based mechanisms
@article{Wilk02,
 author = {Wilkens, Linda},
 title = {Objects with prototype-based mechanisms},
 journal = {J. Comput. Small Coll.},
 issue_date = {February 2002},
 volume = {17},
 issue = {3},
 month = {February},
 year = {2002},
 issn = {1937-4771},
 pages = {131--140},
 numpages = {10},
 url = {http://portal.acm.org/citation.cfm?id=772636.772659},
 acmid = {772659},
 publisher = {Consortium for Computing Sciences in Colleges},
 address = {USA},
}

[6] Neomi Liberman, Catriel Beeri and Yifat Ben-David Kolikant. Difficulties in Learning Inheritance and Polymorphism
@article{Libe11,
 author = {Liberman, Neomi and Beeri, Catriel and Ben-David Kolikant, Yifat},
 title = {Difficulties in Learning Inheritance and Polymorphism},
 journal = {Trans. Comput. Educ.},
 issue_date = {February 2011},
 volume = {11},
 issue = {1},
 month = {February},
 year = {2011},
 issn = {1946-6226},
 pages = {4:1--4:23},
 articleno = {4},
 numpages = {23},
 url = {http://doi.acm.org/1921607.1921611},
 doi = {http://doi.acm.org/1921607.1921611},
 acmid = {1921611},
 publisher = {ACM},
 address = {New York, NY, USA},
 keywords = {Programming model, analogies, in-service teachers, misconceptions},
} 

[7] Matthew Hertz, Emery D. Berger. Quantifying the Performance of Garbage Collection vs. Explicit Memory Management
@inproceedings{Hert05,
 author = {Hertz, Matthew and Berger, Emery D.},
 title = {Quantifying the performance of garbage collection vs. explicit memory management},
 booktitle = {Proceedings of the 20th annual ACM SIGPLAN conference on Object-oriented programming, systems, languages, and applications},
 series = {OOPSLA '05},
 year = {2005},
 isbn = {1-59593-031-0},
 location = {San Diego, CA, USA},
 pages = {313--326},
 numpages = {14},
 url = {http://doi.acm.org/10.1145/1094811.1094836},
 doi = {http://doi.acm.org/10.1145/1094811.1094836},
 acmid = {1094836},
 publisher = {ACM},
 address = {New York, NY, USA},
 keywords = {explicit memory management, garbage collection, oracular memory management, paging, performance analysis, throughput, time-space tradeoff},
} 

[8] Jens Bennedsen and Carsten Schulte. BlueJ Visual Debugger for Learning the Execution of Object-Oriented Programs?
@article{Benn10,
 author = {Bennedsen, Jens and Schulte, Carsten},
 title = {BlueJ Visual Debugger for Learning the Execution of Object-Oriented Programs?},
 journal = {Trans. Comput. Educ.},
 issue_date = {June 2010},
 volume = {10},
 issue = {2},
 month = {June},
 year = {2010},
 issn = {1946-6226},
 pages = {8:1--8:22},
 articleno = {8},
 numpages = {22},
 url = {http://doi.acm.org/10.1145/1789934.1789938},
 doi = {http://doi.acm.org/10.1145/1789934.1789938},
 acmid = {1789938},
 publisher = {ACM},
 address = {New York, NY, USA},
 keywords = {BlueJ, CS1, debugger, learning program execution, object inspector, object orientation, tools, visualization},
} 

[10] Ole Lehrmann Madsen. Strategic Research Directions in Object-Oriented Programming
@article{Mads96,
 author = {Madsen, O.},
 title = {Strategic research directions in object-oriented programming},
 journal = {ACM Comput. Surv.},
 issue_date = {Dec. 1996},
 volume = {28},
 issue = {4es},
 month = {December},
 year = {1996},
 issn = {0360-0300},
 articleno = {157},
 url = {http://doi.acm.org/10.1145/242224.242424},
 doi = {http://doi.acm.org/10.1145/242224.242424},
 acmid = {242424},
 publisher = {ACM},
 address = {New York, NY, USA},
} 

[11] George R S Weir (Moderator), Tamar Vilner, António José Mendes, Marie Nordström. Difficulties Teaching Java in CS1 and How We Aim to Solve Them
@inproceedings{Weir05,
 author = {Weir, George R. S. and Vilner, Tamar and Mendes, Ant\'{o}nio Jos\'{e} and Nordstr\"{o}m, Marie},
 title = {Difficulties teaching Java in CS1 and how we aim to solve them},
 booktitle = {Proceedings of the 10th annual SIGCSE conference on Innovation and technology in computer science education},
 series = {ITiCSE '05},
 year = {2005},
 isbn = {1-59593-024-8},
 location = {Caparica, Portugal},
 pages = {344--345},
 numpages = {2},
 url = {http://doi.acm.org/10.1145/1067445.1067543},
 doi = {http://doi.acm.org/10.1145/1067445.1067543},
 acmid = {1067543},
 publisher = {ACM},
 address = {New York, NY, USA},
 keywords = {CS1, Java, teaching programming},
} 

[12] Isabel Michiels, Alejandro Fernández, Jürgen Börstler, and Maximo Prieto. Tools and Environments for Understanding Object-Oriented Concepts
@inproceedings{Mich00,
 author = {Michiels, Isabel and Fern\'{a}ndez, Alejandro and B\"{o}rstler, J\"{u}rgen and Prieto, Maximo},
 title = {Tools and Environments for Understanding Object-Oriented Concepts},
 booktitle = {Proceedings of the Workshops, Panels, and Posters on Object-Oriented Technology},
 series = {ECOOP '00},
 year = {2000},
 isbn = {3-540-41513-0},
 pages = {65--77},
 numpages = {13},
 url = {http://portal.acm.org/citation.cfm?id=646780.705783},
 acmid = {705783},
 publisher = {Springer-Verlag},
 address = {London, UK},
} 

[13] Svetlana Kouznetsova. Using BlueJ and Blackjack to teach object-oriented design concepts in CS1
@article{Kouz07,
 author = {Kouznetsova, Svetlana},
 title = {Using BlueJ and Blackjack to teach object-oriented design concepts in CS1},
 journal = {J. Comput. Small Coll.},
 issue_date = {April 2007},
 volume = {22},
 issue = {4},
 month = {April},
 year = {2007},
 issn = {1937-4771},
 pages = {49--55},
 numpages = {7},
 url = {http://portal.acm.org/citation.cfm?id=1229637.1229646},
 acmid = {1229646},
 publisher = {Consortium for Computing Sciences in Colleges},
 address = {USA},
} 

[14] Vijayakumar Shanmugasundaram, Paul Juell, Curt Hill. Knowledge Building Using Visualizations
@inproceedings{Shan06,
 author = {Shanmugasundaram, Vijayakumar and Juell, Paul and Hill, Curt},
 title = {Knowledge building using visualizations},
 booktitle = {Proceedings of the 11th annual SIGCSE conference on Innovation and technology in computer science education},
 series = {ITICSE '06},
 year = {2006},
 isbn = {1-59593-055-8},
 location = {Bologna, Italy},
 pages = {23--27},
 numpages = {5},
 url = {http://doi.acm.org/10.1145/1140124.1140134},
 doi = {http://doi.acm.org/10.1145/1140124.1140134},
 acmid = {1140134},
 publisher = {ACM},
 address = {New York, NY, USA},
 keywords = {CS educational research, OOP, knowledge, visualizations},
} 

[15] Vladimir Shcherbina, Pnina Vortman, Gabi Zodik. A visual object-oriented development environment (VOODE)
@inproceedings{Shch95,
 author = {Shcherbina, Vladimir and Vortman, Pnina and Zodik, Gabi},
 title = {A visual object-oriented development environment (VOODE)},
 booktitle = {Proceedings of the 1995 conference of the Centre for Advanced Studies on Collaborative research},
 series = {CASCON '95},
 year = {1995},
 location = {Toronto, Ontario, Canada},
 pages = {57--},
 url = {http://portal.acm.org/citation.cfm?id=781915.781972},
 acmid = {781972},
 publisher = {IBM Press},
} 
